@article{dimitrov2006dynamics,
title={Dynamics and control of space manipulators during a satellite capturing operation},
author={Dimitrov, Dimitar Nikolaev},
year={2006}}